% This file was created with JabRef 2.10b2.
% Encoding: UTF-8

@Book{thijssen2007computational,
  Title                    = {Computational Physics},
  Author                   = {Thijssen, J.M.},
  Publisher                = {Cambridge University Press},
  Year                     = {2007},

  ISBN                     = {9780521833462},
  Lccn                     = {2006038173},
  Url                      = {http://books.google.de/books?id=ThtNausKMn4C}
}

@article{james1933ground,
  title={The ground state of the hydrogen molecule},
  author={James, Hubert M and Coolidge, Albert Sprague},
  journal={The Journal of Chemical Physics},
  volume={1},
  number={12},
  pages={825--835},
  year={1933},
  publisher={AIP Publishing}
}

@article{kolos1960accurate,
  title = {Accurate Electronic Wave Functions for the H$_2$ Molecule},
  author = {Kolos, W. and Roothaan, C. C. J.},
  journal = {Reviews of Modern Physics},
  volume = {32},
  issue = {2},
  pages = {219-232},
  numpages = {0},
  year = {1960},
  month = {Apr},
  publisher = {American Physical Society},
  doi = {10.1103/RevModPhys.32.219},
  url = {http://link.aps.org/doi/10.1103/RevModPhys.32.219}
}

@article{kolos1963nonadiabatic,
  title={Nonadiabatic theory for diatomic molecules and its application to the hydrogen molecule},
  author={Kolos, W and Wolniewicz, L},
  journal={Reviews of Modern Physics},
  volume={35},
  number={3},
  pages={473},
  year={1963},
  publisher={APS}
}

@article{kol1964accurate,
  title={Accurate adiabatic treatment of the ground state of the hydrogen molecule},
  author={Kol, W and Wolniewicz, L and others},
  journal={The Journal of Chemical Physics},
  volume={41},
  number={12},
  pages={3663--3673},
  year={1964},
  publisher={AIP Publishing}
}

@article{kol1965potential,
  title={Potential-Energy Curves for the $X^1\Sigma_g^+$, $b^3\sigma_u^+$, and $C^1\Pi_u$ states of the Hydrogen Molecule},
  author={Kol, W and Wolniewicz, L and others},
  journal={The Journal of Chemical Physics},
  volume={43},
  number={7},
  pages={2429--2441},
  year={1965},
  publisher={AIP Publishing}
}


@article{kolos1968improved,
  title={Improved Theoretical Ground-State Energy of the Hydrogen Molecule},
  author={Kolos, W and Wolniewicz, L},
  journal={The Journal of Chemical Physics},
  volume={49},
  number={1},
  pages={404--410},
  year={1968},
  publisher={AIP Publishing}
}

@book{griffiths1995introduction,
  title={Introduction to quantum mechanics},
  author={Griffiths, David Jeffrey and Harris, Edward G},
  volume={2},
  year={1995},
  publisher={Prentice Hall New Jersey}
}

@book{sakurai1994modern,
  title={Modern quantum mechanics},
  author={Sakurai, Jun John and San Fu Tuan},
  volume={104},
  year={1994},
  publisher={Addison-Wesley Reading (Mass.)}
}

@article{jastrow1955many,
  title={Many-body problem with strong forces},
  author={Jastrow, Robert},
  journal={Physical Review},
  volume={98},
  number={5},
  pages={1479},
  year={1955},
  publisher={APS}
}